<record><leader>00000cas a22000007a 4500</leader><controlfield tag="001">33963413</controlfield><controlfield tag="008">951227d19911994nyuwr ne      0   a0eng d</controlfield><datafield ind1=" " ind2=" " tag="010"><subfield code="a">sn 96083545 </subfield></datafield><datafield ind1=" " ind2=" " tag="040"><subfield code="a">NYS</subfield><subfield code="b">eng</subfield><subfield code="c">NYS</subfield><subfield code="d">OCLCF</subfield><subfield code="d">OCLCO</subfield></datafield><datafield ind1=" " ind2=" " tag="042"><subfield code="a">msc</subfield></datafield><datafield ind1=" " ind2=" " tag="043"><subfield code="a">n-us-ny</subfield></datafield><datafield ind1=" " ind2="4" tag="050"><subfield code="a">AN2</subfield><subfield code="b">.P6</subfield></datafield><datafield ind1="0" ind2=" " tag="130"><subfield code="a">Port Jefferson record (Port Jefferson Station, N.Y.)</subfield></datafield><datafield ind1="0" ind2="0" tag="245"><subfield code="a">Port Jefferson record.</subfield></datafield><datafield ind1=" " ind2=" " tag="260"><subfield code="a">Port Jefferson Station, N.Y. :</subfield><subfield code="b">Thorn Holding, Ltd.,</subfield><subfield code="c">1991-1994.</subfield></datafield><datafield ind1=" " ind2=" " tag="300"><subfield code="a">v.</subfield></datafield><datafield ind1=" " ind2=" " tag="310"><subfield code="a">Weekly</subfield></datafield><datafield ind1="0" ind2=" " tag="362"><subfield code="a">Vol. 4, no. 9 (July 25, 1991)-v. 6, no. 34 (Jan. 27, 1994); v. 62, no. 24 (Feb. 2, 1994)-v. 62, no. 27 (Feb 27, 1994).</subfield></datafield><datafield ind1=" " ind2=" " tag="500"><subfield code="a">Published in Port Jefferson Station, N.Y., July 25-Nov. 5, 1991; Mineola, N.Y., Nov. 12, 1991-Feb. 27, 1994.</subfield></datafield><datafield ind1=" " ind2=" " tag="580"><subfield code="a">Other eds.: Record (Port Jefferson Station, N.Y.), 1991-1992; Record south, 1992-1994.</subfield></datafield><datafield ind1=" " ind2="0" tag="651"><subfield code="a">Port Jefferson Station (N.Y.)</subfield><subfield code="v">Newspapers.</subfield></datafield><datafield ind1=" " ind2="0" tag="651"><subfield code="a">Mineola (N.Y.)</subfield><subfield code="v">Newspapers.</subfield></datafield><datafield ind1=" " ind2="0" tag="651"><subfield code="a">Port Jefferson (N.Y.)</subfield><subfield code="v">Newspapers.</subfield></datafield><datafield ind1=" " ind2="0" tag="651"><subfield code="a">Suffolk County (N.Y.)</subfield><subfield code="v">Newspapers.</subfield></datafield><datafield ind1=" " ind2="7" tag="655"><subfield code="a">Newspapers.</subfield><subfield code="2">fast</subfield><subfield code="0">(OCoLC)fst01423814</subfield></datafield><datafield ind1=" " ind2="7" tag="651"><subfield code="a">New York (State)</subfield><subfield code="z">Mineola.</subfield><subfield code="2">fast</subfield><subfield code="0">(OCoLC)fst01223780</subfield></datafield><datafield ind1=" " ind2="7" tag="651"><subfield code="a">New York (State)</subfield><subfield code="z">Port Jefferson.</subfield><subfield code="2">fast</subfield><subfield code="0">(OCoLC)fst01203448</subfield></datafield><datafield ind1=" " ind2="7" tag="651"><subfield code="a">New York (State)</subfield><subfield code="z">Port Jefferson Station.</subfield><subfield code="2">fast</subfield><subfield code="0">(OCoLC)fst01257824</subfield></datafield><datafield ind1=" " ind2="7" tag="651"><subfield code="a">New York (State)</subfield><subfield code="z">Suffolk County.</subfield><subfield code="2">fast</subfield><subfield code="0">(OCoLC)fst01207260</subfield></datafield><datafield ind1=" " ind2=" " tag="752"><subfield code="a">United States</subfield><subfield code="b">New York</subfield><subfield code="c">Suffolk</subfield><subfield code="d">Mineola.</subfield></datafield><datafield ind1=" " ind2=" " tag="752"><subfield code="a">United States</subfield><subfield code="b">New York</subfield><subfield code="c">Suffolk</subfield><subfield code="d">Port Jefferson Station.</subfield></datafield><datafield ind1=" " ind2=" " tag="752"><subfield code="a">United States</subfield><subfield code="b">New York</subfield><subfield code="c">Suffolk</subfield><subfield code="d">Port Jefferson.</subfield></datafield><datafield ind1="1" ind2=" " tag="775"><subfield code="t">Record (Port Jefferson Station, N.Y.)</subfield><subfield code="g">1991-1992</subfield><subfield code="w">(DLC)sn 95071266</subfield><subfield code="w">(OCoLC)32747616</subfield></datafield><datafield ind1="1" ind2=" " tag="775"><subfield code="t">Record south</subfield><subfield code="g">1992-1994</subfield><subfield code="w">(DLC)sn 95071267</subfield><subfield code="w">(OCoLC)32747698</subfield></datafield><datafield ind1="0" ind2="7" tag="785"><subfield code="t">Port times</subfield><subfield code="w">(DLC)sn 95071373</subfield><subfield code="w">(OCoLC)33287585</subfield></datafield><datafield ind1="0" ind2="7" tag="785"><subfield code="t">Port times-record</subfield><subfield code="w">(DLC)sn 96083546</subfield><subfield code="w">(OCoLC)20787494</subfield></datafield></record>